@misc{predavanja,
	title={Informacioni sistemi},
	note = {on line at: \url{http://poincare.matf.bg.ac.rs/~smalkov/download.html?dpth=1&cap=Informacioni+sistemi&bp=is.r271.2019%2Fpublic&rp=%2Fpredavanja}}},
	author={Sa≈°a Malkov}
}
